@article{Chouldechova2017,
  author  = {Chouldechova, Alexandra},
  title   = {Fair prediction with disparate impact: a study of bias in recidivism prediction instruments},
  journal = {Big Data},
  year    = {2017},
  volume  = {5},
  number  = {2},
  pages   = {153-163}
}

@article{CoateLoury1993,
  author  = {Coate, Stephen and Loury, Glenn C.},
  title   = {Will Affirmative-Action Policies Eliminate Negative Stereotypes?},
  journal = {The American Economic Review},
  year    = {1993},
  volume  = {83},
  number  = {5},
  pages   = {1220--1240},
}

@techreport{Gans2025,
  author      = {Gans, Joshua S.},
  title       = {Algorithmic Fairness: A Tale of Two Approaches},
  institution = {Working Paper},
  year        = {2025},
  note        = {March 30, 2025}
}

@misc{Dastin2018,
  author       = {Dastin, Jeffrey},
  title        = {{Amazon scraps secret AI recruiting tool that showed bias against women}},
  howpublished = {Reuters},
  month        = {October},
  year         = {2018},
}

@inproceedings{Kleinberg2017,
  author    = {Kleinberg, Jon and Mullainathan, Sendhil and Raghavan, Manish},
  title     = {Inherent trade-offs in the fair determination of risk scores},
  booktitle = {Proceedings of the 8th Innovations in Theoretical Computer Science Conference (ITCS)},
  year      = {2017},
  note      = {Also as arXiv preprint arXiv:1609.05807, 2016}
}

@book{Becker1957,
  author    = {Becker, Gary S.},
  title     = {The Economics of Discrimination},
  publisher = {University of Chicago Press},
  year      = {1957}
}

@article{Phelps1972,
  author  = {Phelps, Edmund S.},
  title   = {The Statistical Theory of Racism and Sexism},
  journal = {The American Economic Review},
  year    = {1972},
  volume  = {62},
  number  = {4},
  pages   = {659-661}
}

@incollection{Arrow1973,
  author    = {Arrow, Kenneth J.},
  title     = {The Theory of Discrimination},
  booktitle = {Discrimination in Labor Markets},
  editor    = {Ashenfelter, Orley and Rees, Albert},
  publisher = {Princeton University Press},
  year      = {1973},
  pages     = {3-33}
}

@article{Holmstrom1979,
  author  = {Holmstrom, Bengt},
  title   = {Moral Hazard and Observability},
  journal = {The Bell Journal of Economics},
  year    = {1979},
  volume  = {10},
  number  = {1},
  pages   = {74-91}
}

@article{Coate1993,
    author = {Coate, Stephen and Loury, Glenn C.},
    title = {Will Affirmative-Action Policies Eliminate Negative Stereotypes?},
    journal = {The American Economic Review},
    volume = {83},
    number = {5},
    pages = {1220-1240},
    year = {1993}
}

@inproceedings{Kamishima2012,
  author    = {Kamishima, Toshihiro and Akaho, Shotaro and Asoh, Hideki and Sakuma, Jun},
  title     = {Fairness-Aware Learning Through Regularization},
  booktitle = {2012 IEEE 12th International Conference on Data Mining Workshops},
  year      = {2012},
  pages     = {643-650}
}

@article{Kamenica2011,
  author  = {Kamenica, Emir and Gentzkow, Matthew},
  title   = {Bayesian Persuasion},
  journal = {American Economic Review},
  year    = {2011},
  volume  = {101},
  number  = {6},
  pages   = {2590-2615}
}

@article{Bergemann2019,
    author = {Bergemann, Dirk and Morris, Stephen},
    title = {Information Design: A Unified Perspective},
    journal = {Journal of Economic Literature},
    volume = {57},
    number = {1},
    pages = {44-95},
    year = {2019}
}

@article{Cowgill2020,
    author = {Cowgill, Bo},
    title = {The Economic Perspective on Algorithmic Fairness},
    journal = {AEA Papers and Proceedings},
    volume = {110},
    pages = {84-88},
    year = {2020}
}

@article{Wick2019,
    author = {Wick, Michael and Panda, Swetasudha and Tristan, Jean-Baptiste},
    title = {Unlocking Fairness: a Trade-off Revisited},
    journal = {arXiv preprint arXiv:1906.06653},
    year = {2019}
}

@article{Liang2025,
  author  = {Liang, Annie and Lu, Jay and Mu, Xiaosheng and Okumura, Kota},
  title   = {Algorithm design: A fairness-accuracy frontier},
  journal = {Journal of Political Economy},
  year    = {2025},
  note    = {forthcoming}
}

@inproceedings{Rambachan2020,
  author    = {Rambachan, Ashesh and Kleinberg, Jon and Ludwig, Jens and Mullainathan, Sendhil},
  title     = {An economic perspective on algorithmic fairness},
  booktitle = {AEA Papers and Proceedings},
  year      = {2020},
  volume    = {110},
  pages     = {91-95}
}
